<?xml version="1.0" encoding="UTF-8"?><collection xmlns="http://www.loc.gov/MARC21/slim"><record><leader>00697nam--2200193-i-4500</leader><controlfield tag="001">000032750</controlfield><controlfield tag="002">20161230</controlfield><controlfield tag="005">20161230201039</controlfield><controlfield tag="008">060222s1000------------r-----000-0-eng-d</controlfield><datafield ind1=" " ind2=" " tag="020"><subfield code="a">0471046965</subfield></datafield><datafield ind1=" " ind2=" " tag="040"><subfield code="a">IFIN-HH</subfield></datafield><datafield ind1=" " ind2=" " tag="080"><subfield code="a">539.31:531.01(061.3)</subfield></datafield><datafield ind1="1" ind2=" " tag="100"><subfield code="a">Miklowitz, Julius</subfield></datafield><datafield ind1="1" ind2="0" tag="245"><subfield code="a">Modern problems in elastic wave propagation</subfield><subfield code="b">Internatinal union of theoretical and applied mechanics. symposium held at northwestern university, evanston, illinois, usa, september 12-15, 1977</subfield><subfield code="c">Julius miklowitz, jan v. achenbach (eds.)</subfield></datafield><datafield ind1=" " ind2=" " tag="260"><subfield code="a">New York</subfield><subfield code="b">John Wiley &amp; Sons</subfield><subfield code="c">1978</subfield></datafield><datafield ind1=" " ind2=" " tag="300"><subfield code="a">X + 561P</subfield></datafield><datafield ind1="1" ind2=" " tag="700"><subfield code="a">Achenbach, Jan D</subfield></datafield><datafield ind1=" " ind2=" " tag="852"><subfield code="a">46223</subfield><subfield code="c">539.3</subfield></datafield><datafield ind1=" " ind2=" " tag="CAT"><subfield code="a">Sys</subfield><subfield code="c">20130121</subfield><subfield code="h">154101</subfield></datafield></record></collection>